@book{citeKey1,
  title     = {{Form and style in thesis writing}},
  author    = {Campbell, W.G.},
  year      = {1954},
  publisher = {Houghton Mifflin}
}

@article{citeKey2,
  title   = {{An analysis of the current state of English majors' BA thesis writing [J]}},
  author  = {Wenkang, S.},
  journal = {Foreign Language World},
  volume  = {3},
  year    = {2004}
}

@book{10.5555/975615,
  author    = {Nau, Dana and Ghallab, Malik and Traverso, Paolo},
  title     = {Automated Planning: Theory \& Practice},
  year      = {2004},
  isbn      = {1558608567},
  publisher = {Morgan Kaufmann Publishers Inc.},
  address   = {San Francisco, CA, USA}
}